@article{gatliff1999embedding,
  title={Embedding with GNU: GNU debugger},
  author={Gatliff, Bill},
  journal={Embedded Systems Programming},
  volume={12},
  pages={80--95},
  year={1999},
  publisher={MILLER FREEMAN INC.}
}

@article{stallman1988debugging,
  title={Debugging with GDB},
  author={Stallman, Richard and Pesch, Roland and Shebs, Stan and others},
  journal={Free Software Foundation},
  volume={675},
  year={1988}
}

@misc{tatham2011netwide,
  title={Netwide Assembler},
  author={Tatham, Simon and Hall, Julian and Anvin, H Peter},
  year={2011}
}

@article{santosa2006understanding,
  title={Understanding ELF using readelf and objdump},
  author={Santosa, Mulyadi},
  journal={Linux Forms article},
  pages={1--6},
  year={2006}
}

@misc{sixt2009kdbg,
  title={KDbg-A Graphical Debugger Interface},
  author={Sixt, Johannes},
  year={2009}
}